% This file was created with JabRef 2.10.
% Encoding: UTF-8


@Article{Aigner,
  Title                    = {Regression with a binary independent variable subject to errors of observation},
  Author                   = {Dennis J.\ Aigner},
  Journal                  = {Journal of Econometrics},
  Year                     = {1973},
  Pages                    = {49-60},
  Volume                   = {1},

  Owner                    = {fditra},
  Timestamp                = {2015.09.10}
}

@Article{BBS,
  Title                    = {Bounding parameter estimates with nonclassical measurement error},
  Author                   = {Dan A.\ Black and Mark C.\ Berger and Frank A.\ Scott},
  Journal                  = {Journal of the American Statistical Association},
  Year                     = {2000},

  Month                    = {September},
  Number                   = {451},
  Pages                    = {739-748},
  Volume                   = {95},

  Owner                    = {fditra},
  Timestamp                = {2015.09.10}
}

@Article{Bollinger,
  Title                    = {Bounding mean regressions when a binary regressor is mismeasured},
  Author                   = {Christopher R.\ Bollinger},
  Journal                  = {Journal of Econometrics},
  Year                     = {1996},
  Pages                    = {387-399},
  Volume                   = {73},

  Owner                    = {fditra},
  Timestamp                = {2015.09.10}
}

@Unpublished{BollingerHasselt2009,
  Title                    = {A {Bayesian} analysis of binary Misclassification: inference in partially identified models},
  Author                   = {Christopher R.\ Bollinger and Martijn van Hasselt},
  Note                     = {Working Paper},

  Month                    = {September},
  Year                     = {2009},

  Owner                    = {fditra},
  Timestamp                = {2015.09.10}
}

@Article{Card,
  Title                    = {The effects of unions on the structure of wages: a longitudinal analysis},
  Author                   = {David Card},
  Journal                  = {Econometrica},
  Year                     = {1996},

  Month                    = {July},
  Number                   = {4},
  Pages                    = {957-979},
  Volume                   = {64},

  Owner                    = {fditra},
  Timestamp                = {2015.09.10}
}

@Article{ChenHuLewbel,
  Title                    = {Nonparamodels Identification of regression models containing a misclassified dichotomous regressor witwith instruments},
  Author                   = {Xiaohong Chen and Yingyao Hu and Arthur Lewbel},
  Journal                  = {Economics Letters},
  Year                     = {2008},
  Pages                    = {381-384},
  Volume                   = {100},

  Owner                    = {fditra},
  Timestamp                = {2015.09.10}
}

@Article{FL,
  Title                    = {Estimating linear regressions with mismeasured, possibly endogenous, binary explanatory variabes},
  Author                   = {Harley Frazis and Mark A.\ Loewenstein},
  Journal                  = {Journal of Econometrics},
  Year                     = {2003},
  Pages                    = {151-178},
  Volume                   = {117},

  Owner                    = {fditra},
  Timestamp                = {2015.09.10}
}

@Article{HasseltBollinger,
  Title                    = {Binary misclassification and identification in regression models},
  Author                   = {Martijn van Hasselt and Christopher R.\ Bollinger},
  Journal                  = {Economics Letters},
  Year                     = {2012},
  Pages                    = {81-84},
  Volume                   = {115},

  Owner                    = {fditra},
  Timestamp                = {2015.09.10}
}

@Article{Hausman,
  Title                    = {Misclassification of the dependent variable in a discrete-response setting},
  Author                   = {J.A.\ Hausman and Jason Abrevaya and F.M.\ Scott-Morton},
  Journal                  = {Journal of Econometrics},
  Year                     = {1998},
  Pages                    = {239-269},
  Volume                   = {87},

  Owner                    = {fditra},
  Timestamp                = {2015.09.10}
}

@Article{HuShennach,
  Title                    = {Instrumental variable treatment of nonclassical measurement error models},
  Author                   = {Yingyao Hu and Susanne M.\ Shennach},
  Journal                  = {Econometrica},
  Year                     = {2008},

  Month                    = {January},
  Number                   = {1},
  Pages                    = {195-216},
  Volume                   = {76},

  Owner                    = {fditra},
  Timestamp                = {2015.09.10}
}

@TechReport{KRS,
  Title                    = {Estimating returns to schooling when schooling is misreported},
  Author                   = {Thomas J.\ Kane and Cecilia Elena Rouse and Douglas Staiger},
  Institution              = {National Bureau of Economic Research},
  Year                     = {1999},
  Month                    = {July},
  Note                     = {NBER Working Paper 7235},

  Owner                    = {fditra},
  Timestamp                = {2015.09.10}
}

@Article{Lewbel,
  Title                    = {Estimation of Average Treatment Effects with Misclassification},
  Author                   = {Arthur Lewbel},
  Journal                  = {Econometrica},
  Year                     = {2007},

  Month                    = {March},
  Number                   = {2},
  Pages                    = {537-551},
  Volume                   = {75},

  Owner                    = {fditra},
  Timestamp                = {2015.09.10}
}

@Article{Mahajan,
  Title                    = {Identification and estimation of regression models with misclassification},
  Author                   = {Aprajit Mahajan},
  Journal                  = {Econometrica},
  Year                     = {2006},

  Month                    = {May},
  Number                   = {3},
  Pages                    = {631-665},
  Volume                   = {74},

  Owner                    = {fditra},
  Timestamp                = {2015.09.10}
}

